{Förteckningen utger sig inte vara formmässigt korrekt.}


@book{jeppohistorik1988,
  author    = "Jeppo Hembygdsförening",
  title     = "Historik över Jeppo",
  publisher = "Jeppo Hembygdsförening",
  year      = "1988",
  address   = "Jeppo"
}


@book{överjeppo2,
  author    = "Gruppen Överjeppo bys lokalhistoria",
  title     = "Överjeppo 2...nåu finns he, sa Björkån...",
  publisher = "Överjeppo byaforskare",
  year      = "2007",
  address   = "Jeppo"
}


@book{krigstid,
  author    = "Gruppen Jeppo i krigstid",
  title     = "Jeppo i Krigstid...ja-a, he jöutas",
  publisher = "Överjeppo byaforskare",
  year      = "2010",
  address   = "Jeppo"
}


@book{pedersörehistoria,
  author    = "K. V. Åkerblom",
  title     = "Pedersöre storsockens historia I--II",
  publisher = "Kommunernas förlag",
  year      = "1950",
  address   = "Pedersöre"
}


@book{krigsman,
  author    = "Ulf Smedberg",
  title     = "Krigsmans tid",
  publisher = "Förlags Ab Scriptum",
  year      = "2013",
  address   = "Nykarleby"
}


@book{österbottenbyn,
  author    = "Helmer Smeds",
  title     = "Den österbottniska byn : en samling minnesbilder",
  publisher = "Hembygdsföreningen Svenska österbottningar i Helsingfors",
  year      = "1947",
  address   = "Helsingfors"
}


@book{lustresa,
  author    = "J. J. Huldén",
  title     = "Österbottnisk lustresa",
  publisher = "Söderströms",
  year      = "1941",
  address   = "Helsingfors"
}


@book{sandberg,
  author    = "Manne Nygård",
  title     = "Släkten Sandberg från Jeppo",
  publisher = "Manne Sandberg",
  year      = "2004",
  address   = "Jeppo"
}


@book{kackur-hilli,
  author    = "Manne Nygård",
  title     = "Släkten Kackur-Hilli",
  publisher = "Fram",
  year      = "1996",
  address   = "Vasa"
}


@book{1978sob,
  author    = "Släktforskarföreningen i Jakobstad",
  title     = "Släkt och Bygd, nr 22",
  publisher = "Släktforskarföreningen i Jakobstad",
  year      = "1978",
  address   = "Jakobstad"
}


@book{Lessing1965,
  author    = "Rune Lessing",
  title     = "Svenska Österbottens bebyggelse : en skildring i ord och bild",
  publisher = "Nordisk hembygdskultur",
  year      = "1965",
  address   = "Malmö"
}


@book{Kronlund1978,
  author    = "Johannes Kronlund",
  title     = "Släkten Elenius-Jungarå",
  publisher = "Johannes Kronlund",
  year      = "1978",
  address   = "Vasa"
}


@book{Kronlund1986,
  author    = "Johannes Kronlund",
  title     = "Kepposläkten Nystrand",
  publisher = "Johannes Kronlund",
  year      = "1986",
  address   = "Vasa"
}


@book{2003lvij,
  author    = "Byaforskarna i Jeppo",
  title     = "Lassila västra i Jeppo : byaforskning",
  publisher = "Byaforskarna i Jeppo",
  year      = "2003",
  address   = "Jeppo"
}


@book{2005vhu,
  author    = "Nykarleby-Oravais hembygdsförening i Vasa",
  title     = "Vår hembygd under 60 år 1945-2005",
  publisher = "Nykarleby-Oravais hembygdsförening i Vasa",
  year      = "2005",
  address   = "Vasa"
}


@book{vasamjölken,
  author    = "Svenolof Karlsson",
  title     = "Historien om Vasa-mjölken: ...och mejeriandelslaget Milka under femtio år",
  publisher = "Milka mejeriandelslaget, Fram",
  year      = "1984",
  address   = "Vasa"
}


@booklet{sparbanken77,
  author  = "Runar Nyholm",
  title   = "Jeppo Sparbank 1947-1977",
  year    = "1977"
}


@booklet{JKA70,
  author = "Sven Jungar",
  title = "Jeppo Kraft Andelslag 50 år",
  year = "1970"
}


@booklet{lantkalender38,
  author = "Svenska Lantbrukssällskapens Förbund",
  title = "Lantbrukskalender",
  year = "1938"
}


@misc{Gustaf,
  author = "Gustaf Fors",
  year = "1950, 1987",
  note = "Minnesanteckningar"
}


@misc{mäld,
  author = "Mjölnare",
  year = "1945-1977",
  note = "Mäldkvitton"
}


@misc{wadström,
  author       = "Johan Wadström",
  title        = "Silvasten i Jeppo",
  year         = "2012",
  note         = "Människor och bebyggelse från 30- till 50-talet, fotografier"
}


@misc{bygdeforskararkiv,
  author       = "Nykarlebynejdens bygdeforskare",
  title        = "Arkiv",
  note         = "Mikrofilmer m.m."
}

@misc{mantalslängder,
  author       = "Vasa landsarkiv",
  title        = "Mantalslängder 1793--1910"
}

@misc{köpebrevsmatrikel,
  author       = "Olika tecknare",
  title        = "Köpebrevsmatrikel för Jeppo, perioden 05.02.1934--05.10.1959"
}

@misc{kyrkböcker1,
  author       = "Jeppo församling",
  title        = "Kyrkböcker"
}

@misc{kyrkböcker2,
  author       = "Nykarleby församling",
  title        = "Kyrkböcker"
}

@misc{nykarlebytingslag,
  author       = "Vasa landsarkiv",
  title        = "Nykarleby tingslags protokoll"
}

@misc{hembygdsarkiv,
  author       = "Jeppo Hembygdsförenings arkiv",
  title        = "Dokument, klippböcker"
}

@misc{riksarkivet,
  author       = "Riksarkivet",
  title        = "Webbsidor"
}

@misc{privatbrev,
  author       = "Privata köpebrev"
}

@misc{privatlagfart,
  author       = "Privata lagfarter"
}

@misc{privathandling,
  author       = "Privata rättegångshandlingar"
}

@misc{personkontakt,
  author       = "Personliga samtal och intervjuer"
}

@misc{fotografier,
  author       = "Bilder ur privata arkiv"
}

@misc{flygfoton,
  author       = "Försvarsmaktens flygfoton 1941 och framåt"
}

@misc{tidningsklipp,
  author       = "FIXME",
  title        = "Tidningsklipp om Jeppo, Nationalbiblioteket samt Hembygdsföreningens klippböcker"
}

@misc{jt,
  author       = "Jakobstads Tidning",
  title        = "Jul- och Hembygdsbilaga"
}


@article{Super,
  author = "Fjalar Fors",
  title = "KGF tar time out",
  year = "2009",
  journal = "Superlokalt"
}
